<?xml version="1.0" encoding="UTF-8"?><collection><record><leader>08258ntm a2200637 a 4500</leader><controlfield tag="001">006782365</controlfield><controlfield tag="003">MiAaHDL</controlfield><controlfield tag="005">20190719000000.0</controlfield><controlfield tag="006">m        d        </controlfield><controlfield tag="007">cr bn ---auaua</controlfield><controlfield tag="008">090519s1466    ua            00| ||ara d</controlfield><datafield tag="035" ind1=" " ind2=" "><subfield code="a">(MiU)006782365</subfield></datafield><datafield tag="035" ind1=" " ind2=" "><subfield code="a">sdr-miu006782365</subfield></datafield><datafield tag="040" ind1=" " ind2=" "><subfield code="a">MiU</subfield><subfield code="c">MiU</subfield><subfield code="e">amremm</subfield></datafield><datafield tag="043" ind1=" " ind2=" "><subfield code="a">n-us-mi</subfield></datafield><datafield tag="100" ind1="1" ind2=" "><subfield code="6">880-01</subfield><subfield code="a">Qaramānī, Muṣṭafá ibn Zakarīyā ibn Aydughmish,</subfield><subfield code="d">d.1406.</subfield></datafield><datafield tag="240" ind1="1" ind2="0"><subfield code="6">880-02</subfield><subfield code="a">Tawḍīḥ</subfield></datafield><datafield tag="245" ind1="1" ind2="0"><subfield code="6">880-03</subfield><subfield code="a">Kitāb Sharḥ Muqaddimat Abī al-Layth,</subfield><subfield code="f">[870, i.e. 1466].</subfield></datafield><datafield tag="246" ind1="3" ind2=" "><subfield code="i">Title from inscription on front flyleaf:</subfield><subfield code="a">توضيح شرح مقدمة ابي الليث السمرقندي</subfield></datafield><datafield tag="260" ind1=" " ind2=" "><subfield code="a">[Cairo?,</subfield><subfield code="c">1466].</subfield></datafield><datafield tag="300" ind1=" " ind2=" "><subfield code="a">148 leaves :</subfield><subfield code="b">paper ;</subfield><subfield code="c">265 x 188 (190 x 115) mm.</subfield></datafield><datafield tag="500" ind1=" " ind2=" "><subfield code="a">Shelfmark: Ann Arbor, University of Michigan, Special Collections Library, Isl. Ms. 529</subfield></datafield><datafield tag="500" ind1=" " ind2=" "><subfield code="a">Origin: As appears in colophon on p.300, copied by Aḥmad ibn Abī Bakr al-Manhalī al-Azharī al-Shāfiʻī with transcription completed ("wa-kāna al-farāgh min kitābatih...") 23 Rajab 870 [ca. 11 March 1466].</subfield></datafield><datafield tag="500" ind1=" " ind2=" "><subfield code="a">Accompanying materials: a. Inventory cataloguing slip in hand of Winifred Smeaton Thomas (pp.1-2) -- b. Acquisitions slip from Yahuda (pp.3-4).</subfield></datafield><datafield tag="500" ind1=" " ind2=" "><subfield code="a">Former shelfmark: From inner front cover and spine label, "IL 64" (likely supplied by Yahuda, see acquisitions slip).</subfield></datafield><datafield tag="500" ind1=" " ind2=" "><subfield code="a">Binding: Pasteboards covered in olive green leather ; Type II binding (with flap) ; pastedowns and flyleaves in yellow surface-dyed European laid paper ; upper and lower covers carry blind-stamped scalloped mandorla (filled with vegetal composition, compare Dèroche class. OAi2) and pendants with tooled annulet accents and tooled border in a series of s-shaped stamps flanked by fillets ; sewn in yellow thread, two stations ; worked chevron endbands in pink and cream, fair condition ; overall in fair condition with some abrasion, staining, slight negative draw in upper cover, etc.</subfield></datafield><datafield tag="500" ind1=" " ind2=" "><subfield code="a">Support: non-European laid paper with roughly 7 laid lines per cm. (horizontal, quite diffuse) and chain lines grouped in threes with roughly 7-9 mm. between chains and 47-50 mm. between groups (vertical) ; well-sized and burnished ; some staining and losses to pests.</subfield></datafield><datafield tag="500" ind1=" " ind2=" "><subfield code="a">Decoration: Elegant illuminated titlepiece on 'title page' (p.7) in white, gold, red, and blue consisting of two rectangular panels, each with lozenge set among three roundels carrying the title and benediction for the author in white with gold outline and red accents on field of blue, separated by an eight-lobed medallion (shamsah) carrying the author's name in white with gold outline on a field of red with blue accents, all set off by arabesque designs in gold on fields of red and blue and ansae in the form of roundels (accompanying the rectangular panels) and an almond-shaped piece (accompanying the medallion) ; illuminated anepigraphic tailpiece at close on p.300 consisting of rectangular piece filled with almond-shapes formed of the intersection of arcs in white and gold, filled with floral decoration (approaching arabesque) in gold on fields of red and blue and accompanied by ansa in the form of a roundel ; keywords rubricated ; textual divders in the form of inverted commas in red.</subfield></datafield><datafield tag="500" ind1=" " ind2=" "><subfield code="a">Script: Naskh, characteristically Mamlūk ; fine Egyptian or 'Syrian' hand in a medium line ; serifless, fairly large and spacious, somewhat stiff with some elongation of horizontal strokes, occasional sweeping descenders (mainly final nūn, yāʼ, etc.), foot of isolated lām seated flatly on the baseline with foot of final joined lām descending below the baseline (still quite flat), bowl of final and isolated nūn usually abbreviated (with scarcely a continuing upstroke), pointing in distinct dots ; extensively vocalized.</subfield></datafield><datafield tag="500" ind1=" " ind2=" "><subfield code="a">Layout: Written in 17 lines per page ; frame-ruled.</subfield></datafield><datafield tag="500" ind1=" " ind2=" "><subfield code="a">Collation: i, V-1 (9), 13 V(139), V-1 (148), i ; exclusively quinions ; catchwords present ; foliation in black ink, Hindu-Arabic numerals ; pagination in pencil, Western numerals, supplied during digitization (includes inserts).</subfield></datafield><datafield tag="500" ind1=" " ind2=" "><subfield code="a">Colophon: "Scribal," rectangular, reads "وكان الفراغ من كتابته يوم الثلثاء ثالث عشرين شهر رجب الفرد عام سبعين وثمانمائة على يد الفقير الى ربه القدير احمد بن ابي بكر المنهلي الازهري الشافعي ختم الله له بخير ولمالكه ولقارئه وللناظر فيه ولمستمعه والمسلمين اجمعين"</subfield></datafield><datafield tag="500" ind1=" " ind2=" "><subfield code="a">Explicit: "ثم اعتقادي مذهب النعمان والى الخير والصلاح بقطع الكلام راجين من الله الفلاح والفوز بالنجاح انه هو الوهاب الفتاح وشاركين حامدين على تمام التوضيح انه هو المشكور على افاضة نعمه والمسؤك خاتمة السعادة بفضله وكرمه والصلاة والتسليم على اشرف الخلق سيدنا محمد واله وصحبه اجمعين والحمد لله وحده تم الكتاب بأسره وبعون الله يسره"</subfield></datafield><datafield tag="500" ind1=" " ind2=" "><subfield code="a">Incipit: " الحمد لله رب العالمين والصلوة والسلام على رسوله محمد واله وعلى جميع رسل الله وانبيائه ... وبعد يقول الفقير الى رحمة ربه الغني مصطفى بن زكريا ابن ايدغرمش القرماني ... لما رأيت مختصر مقدمة الصلاة المنسوب تأليفه الى الشيخ الامام قطب المتهجدين ... نصر بن محمد الفقيه ابي الليث السمرقندي ... قد اشتهر فيما بين الانام بركاته وشملتهم فوائده ... اردت ان اكتب له شرحا تحل مشكلاته ويفصل مجملاته ... فسميته التوضيح وسألت الله ان ينفع به كما نفع باصله ..."</subfield></datafield><datafield tag="500" ind1=" " ind2=" "><subfield code="a">Title from titlepiece on 'title page' (p.7).</subfield></datafield><datafield tag="500" ind1=" " ind2=" "><subfield code="a">Ms. codex.</subfield></datafield><datafield tag="510" ind1="4" ind2=" "><subfield code="a">Ḥājjī Khalīfah. Kashf al-ẓunūn,</subfield><subfield code="c">2/1795</subfield></datafield><datafield tag="510" ind1="4" ind2=" "><subfield code="a">Brockelmann, C. GAL,</subfield><subfield code="c">I 196 no.5 cmtre b ; S I 348.</subfield></datafield><datafield tag="520" ind1="8" ind2=" "><subfield code="a">Elegant copy of al-Tawḍīḥ (التوضيح), the commentary by Muṣṭafá ibn Zakarīyā ibn Aydughmish al-Qaramānī (d.1406) on al-Muqaddimah fī al-ṣalāh, a work on jurisprudential issues pertaining to the canonical prayer (ṣalāh, ṣalāt) by Abū al-Layth al-Samarqandī (d.993). Includes table of contents on added leaf (p.6).</subfield></datafield><datafield tag="538" ind1=" " ind2=" "><subfield code="a">Mode of access: Internet.</subfield></datafield><datafield tag="541" ind1=" " ind2=" "><subfield code="a">Acquired in 1926 from the bookseller Isaac Benjamin S.E. Yahuda via purchase transacted on his behalf by his younger brother, the famous Orientalist and manuscript collector Abraham Shalom Yahuda (1877-1951).</subfield></datafield><datafield tag="546" ind1=" " ind2=" "><subfield code="a">Arabic.</subfield></datafield><datafield tag="561" ind1=" " ind2=" "><subfield code="a">Ownership statements on p.300 include statement dated 1 Jumādá I 1260 [ca. 19 May 1844] in name of ʻAlī ibn ʻUthmān Aghā (Ali bin Osman Ağa) and statement dated 1279 [1862 or 3] in name of one Muḥammad ... [?] ; occasional marginal corrections, glosses, and notabilia (side-heads) ; text of rubrics often indicated in the margins (see p.80, etc.).</subfield></datafield><datafield tag="600" ind1="1" ind2="0"><subfield code="a">Abū al-Layth al-Samarqandī, Naṣr ibn Muḥammad,</subfield><subfield code="d">d. 983?</subfield><subfield code="t">Muqaddimah fī al-ṣalāh.</subfield></datafield><datafield tag="650" ind1=" " ind2="0"><subfield code="a">Manuscripts, Arabic</subfield><subfield code="z">Michigan</subfield><subfield code="z">Ann Arbor.</subfield></datafield><datafield tag="650" ind1=" " ind2="0"><subfield code="a">Prayer</subfield><subfield code="x">Islam</subfield><subfield code="v">Early works to 1800.</subfield></datafield><datafield tag="650" ind1=" " ind2="0"><subfield code="a">Islam</subfield><subfield code="v">Prayers and devotions</subfield><subfield code="v">Early works to 1800.</subfield></datafield><datafield tag="650" ind1=" " ind2="0"><subfield code="a">Salat</subfield><subfield code="v">Early works to 1800.</subfield></datafield><datafield tag="700" ind1="0" ind2=" "><subfield code="6">880-05</subfield><subfield code="a">Ali bin Osman Ağa,</subfield><subfield code="d">fl. 1844,</subfield><subfield code="e">former owner.</subfield></datafield><datafield tag="700" ind1="0" ind2=" "><subfield code="6">880-04</subfield><subfield code="a">Aḥmad ibn Abī Bakr al-Manhalī al-Azharī,</subfield><subfield code="e">scribe.</subfield></datafield><datafield tag="773" ind1="0" ind2=" "><subfield code="a">Yahuda Collection.</subfield></datafield><datafield tag="880" ind1="0" ind2=" "><subfield code="6">700-05/</subfield><subfield code="a">غلى بن عثمان اغا،</subfield><subfield code="e">مالك سابق.</subfield></datafield><datafield tag="880" ind1="0" ind2=" "><subfield code="6">700-04/</subfield><subfield code="a">احمد بن ابي بكر المنهلي الازهري،</subfield><subfield code="e">ناسخ.</subfield></datafield><datafield tag="880" ind1="1" ind2="0"><subfield code="6">245-03/</subfield><subfield code="a">كتاب شرح مقدمة ابي الليث,</subfield><subfield code="f">[870ه، 1466م].</subfield></datafield><datafield tag="880" ind1="1" ind2="0"><subfield code="6">240-02/</subfield><subfield code="a">توضيح</subfield></datafield><datafield tag="880" ind1="1" ind2=" "><subfield code="6">100-01/</subfield><subfield code="a">قرماني، مصطفى بن زكريا ايدغمش.</subfield></datafield><datafield tag="CID" ind1=" " ind2=" "><subfield code="a">006782365</subfield></datafield><datafield tag="DAT" ind1="0" ind2=" "><subfield code="a">20190719102635.0</subfield><subfield code="b">20190719000000.0</subfield></datafield><datafield tag="DAT" ind1="1" ind2=" "><subfield code="a">20190719090653.0</subfield><subfield code="b">2019-07-19T16:11:26Z</subfield></datafield><datafield tag="DAT" ind1="2" ind2=" "><subfield code="a">2015-10-02T18:00:03Z</subfield></datafield><datafield tag="CAT" ind1=" " ind2=" "><subfield code="a">SDR-MIU</subfield><subfield code="d">EX LIBRIS - ALEPH</subfield><subfield code="l">prepare.pl-004-008</subfield></datafield><datafield tag="FMT" ind1=" " ind2=" "><subfield code="a">BK</subfield></datafield><datafield tag="HOL" ind1=" " ind2=" "><subfield code="0">sdr-miu006782365</subfield><subfield code="a">MiU</subfield><subfield code="b">SDR</subfield><subfield code="c">MIU</subfield><subfield code="p">mdp.39015079125566</subfield><subfield code="s">MIU</subfield><subfield code="1">006782365</subfield></datafield><datafield tag="974" ind1=" " ind2=" "><subfield code="b">MIU</subfield><subfield code="c">MIU</subfield><subfield code="d">20190719</subfield><subfield code="s">lit-dlps-dc</subfield><subfield code="u">mdp.39015079125566</subfield><subfield code="y">1466</subfield><subfield code="r">pd</subfield><subfield code="q">bib</subfield><subfield code="t">non-US bib date1 &lt; 1896</subfield></datafield></record></collection>